@MISC{IceStorm,
	author = {Claire Wolf and Mathias Lasser},
	title = {Project IceStorm},
	howpublished = "\url{http://bygone.clairexen.net/icestorm/}"
}

@misc{iCEBreaker,
	author = {Piotr Esden-Tempski},
	title = {{iCEB}reaker {FPGA}},
	year = {2017},
	publisher = {GitHub},
	journal = {GitHub repository},
	howpublished = {\url{https://github.com/icebreaker-fpga/icebreaker}},
}

@misc{LatticePage,
	publisher = {Lattice Semiconductor},
	title = {{iCE}40 {U}ltra{P}lus},
	howpublished = {\url{https://www.latticesemi.com/en/Products/FPGAandCPLD/iCE40UltraPlus}},
	note = {product page},
}

@ARTICLE{Bresenham,
	author={Bresenham, J. E.},
	journal={IBM Systems Journal}, 
	title={Algorithm for computer control of a digital plotter}, 
	year={1965},
	volume={4},
	number={1},
	pages={25-30},
}

